<?xml version="1.0" encoding="UTF-8"?><collection xmlns="http://www.loc.gov/MARC21/slim"><record><leader>00546nam--2200169-u-4500</leader><controlfield tag="001">000054086</controlfield><controlfield tag="002">20161230</controlfield><controlfield tag="005">20161230201051</controlfield><controlfield tag="008">110802s1000------------r-----000-0-eng-d</controlfield><datafield ind1=" " ind2=" " tag="040"><subfield code="a">IFIN-HH</subfield></datafield><datafield ind1=" " ind2=" " tag="080"><subfield code="a">548?537.222.22</subfield></datafield><datafield ind1="1" ind2=" " tag="100"><subfield code="a">Goryunova, N.A</subfield></datafield><datafield ind1="1" ind2="0" tag="245"><subfield code="a">The chemistry of diamond-like semiconductors</subfield><subfield code="b">Edited by j.c. anderson, translated by scripta technica, inc</subfield><subfield code="c">N.a. goryunova</subfield></datafield><datafield ind1=" " ind2=" " tag="260"><subfield code="a">Cambridge, Massachusetts</subfield><subfield code="b">The Mit Press</subfield><subfield code="c">1965</subfield></datafield><datafield ind1=" " ind2=" " tag="300"><subfield code="a">236P. + GENERAL INDEX</subfield></datafield><datafield ind1=" " ind2=" " tag="852"><subfield code="a">77278</subfield><subfield code="c">537.311.33</subfield></datafield><datafield ind1=" " ind2=" " tag="CAT"><subfield code="a">Sys</subfield><subfield code="c">20110802</subfield><subfield code="h">110357</subfield></datafield></record></collection>